%% Saved with string encoding Unicode (UTF-8) 



@misc{belarmino2025,
  author       = {Belarmino, M. and Coelho, R. and Lotufo, R. and Pereira, J.},
  title        = {Aplicação de Large Language Models na Análise e Síntese de Documentos Jurídicos: Uma Revisão de Literatura},
  year         = {2025},
  howpublished = {\url{http://arxiv.org/abs/2504.00725v1}},
  note         = {Acesso em: 12 abr. 2025}
}

@misc{docker2024,
  title        = {Docker},
  year         = {2024},
  howpublished = {\url{https://www.docker.com}},
  note         = {Acesso em: 25 mar. 2024}
}

@misc{faiss2024,
  author       = {{Facebook Research}},
  title        = {FAISS},
  year         = {2024},
  howpublished = {\url{https://github.com/facebookresearch/faiss}},
  note         = {Acesso em: 24 mar. 2024}
}

@misc{flask2024,
  title        = {Flask Documentation},
  year         = {2024},
  howpublished = {\url{https://flask.palletsprojects.com}},
  note         = {Acesso em: 23 mar. 2024}
}

@misc{gao2023,
  author       = {Gao, Yunfan and others},
  title        = {Retrieval-Augmented Generation for Large Language Models: A Survey},
  year         = {2023}
}

@misc{huggingface2024,
  author       = {{Hugging Face}},
  title        = {Transformers},
  year         = {2024},
  howpublished = {\url{https://huggingface.co/transformers/}},
  note         = {Acesso em: 24 mar. 2024}
}

@misc{langchain2024,
  title        = {LangChain},
  year         = {2024},
  howpublished = {\url{https://github.com/hwchase17/langchain}},
  note         = {Acesso em: 24 mar. 2024}
}

@misc{lai2023,
  author       = {Lai, Jinqi and Gan, Wensheng and Wu, Jiayang and Qi, Zhenlian and Yu, Philip S.},
  title        = {Large Language Models in Law: A Survey},
  year         = {2023},
  howpublished = {\url{https://arxiv.org/abs/2312.03718}},
  note         = {arXiv preprint, v. 2312.03718v1, Acesso em: 12 abr. 2025}
}

@inproceedings{lewis2020,
  author    = {Lewis, Patrick and others},
  title     = {Retrieval-Augmented Generation for Knowledge-Intensive NLP Tasks},
  booktitle = {Advances in Neural Information Processing Systems (NeurIPS)},
  year      = {2020}
}

@misc{naveeda2024,
  author       = {Naveeda, H. and Khan, A. U. and Qiu, S. and Saqib, M. and Anwar, S. and Usman, M. and Akhtar, N. and Barnes, N.},
  title        = {A Comprehensive Overview of Large Language Models},
  year         = {2024},
  howpublished = {\url{http://arxiv.org/abs/2307.06435v10}},
  note         = {Acesso em: 12 abr. 2025}
}

@misc{python2024,
  author       = {{Python Software Foundation}},
  title        = {Python Language Reference},
  year         = {2024},
  howpublished = {\url{https://www.python.org}},
  note         = {Acesso em: 23 mar. 2024}
}

@inproceedings{saleemi2024,
  author    = {Saleemi, A. and Zamani, H.},
  title     = {Evaluating Retrieval Quality in Retrieval-Augmented Generation},
  booktitle = {SIGIR ’24},
  year      = {2024}
}

@article{smith2023,
  author       = {Smith, J. and others},
  title        = {Vector Databases for AI-Driven Applications},
  journal      = {ACM Computing Surveys},
  year         = {2023},
  howpublished = {\url{https://dl.acm.org/doi/10.5555/3715622.3715626}}
}

@misc{qwak,
  title        = {Utilizing LLMs with Embedding Stores},
  howpublished = {\url{https://www.qwak.com/post/utilizing-llms-with-embedding-stores}}
}

@misc{pandas2024,
  author       = {{The Pandas Development Team}},
  title        = {Pandas},
  year         = {2024},
  howpublished = {\url{https://pandas.pydata.org}},
  note         = {Acesso em: 25 mar. 2024}
}

@misc{undp2024a,
  author       = {{UNDP}},
  title        = {PNUD e CNJ assinam projeto focado em direitos humanos e acesso à Justiça},
  year         = {2024},
  howpublished = {\url{https://www.undp.org/pt/brazil/news/pnud-e-cnj-assinam-projeto-focado-em-direitos-humanos-e-acesso-justica}},
  note         = {Acesso em: 12 abr. 2025}
}

@misc{undp2024b,
  author       = {{UNDP}},
  title        = {Sobre o PNUD},
  year         = {2024},
  howpublished = {\url{https://www.undp.org/pt/brazil/sobre-o-pnud}},
  note         = {Acesso em: 12 abr. 2025}
}

@misc{undp2024c,
  author       = {{UNDP}},
  title        = {O PNUD e a ONU},
  year         = {2024},
  howpublished = {\url{https://www.undp.org/pt/brazil/o-pnud-e-onu}},
  note         = {Acesso em: 12 abr. 2025}
}

@inproceedings{vaswani2017,
  author    = {Vaswani, Ashish and others},
  title     = {Attention is All You Need},
  booktitle = {Advances in Neural Information Processing Systems (NeurIPS)},
  year      = {2017}
}

@misc{wikipedia2024,
  author       = {{Wikipedia}},
  title        = {Programa das Nações Unidas para o Desenvolvimento},
  year         = {2024},
  howpublished = {\url{https://pt.wikipedia.org/wiki/Programa_das_Na%C3%A7%C3%B5es_Unidas_para_o_Desenvolvimento}},
  note         = {Acesso em: 12 abr. 2025}
}

@misc{oracle2024,
  author       = {{Wondering sobre Oracle}},
  title        = {Oracle Vector Database},
  year         = {2024},
  howpublished = {\url{https://www.oracle.com/br/database/vector-database/}},
  note         = {Acesso em: 12 abr. 2025}
}

@misc{yue2023,
  author       = {Yue, Shengbin and Chen, Wei and Wang, Siyuan and Li, Bingxuan and Shen, Chenchen and Liu, Shujun and Zhou, Yuxuan and Xiao, Yao and Yun, Song and Huang, Xuanjing and Wei, Zhongyu},
  title        = {DISC-LawLLM: Fine-tuning Large Language Models for Intelligent Legal Services},
  year         = {2023},
  howpublished = {\url{https://github.com/FudanDISC/DISC-LawLLM}},
  note         = {Acesso em: 12 abr. 2025}
}

