@article{divald2021,
  author = {Divald, S.},
  title = {E-formalization case study: e-Estonia: A digital society for the transition to formality},
  year = {2021},
  journal = {International Labour Office},
  url = {https://www.ilo.org/sites/default/files/wcmsp5/groups/public/@ed_emp/@emp_policy/documents/publication/wcms_781500.pdf}
}

@misc{belarmino2025,
  author = {Belarmino, M. and Coelho, R. and Lotufo, R. and Pereira, J.},
  title = {Aplicação de Large Language Models na Análise e Síntese de Documentos Jurídicos: Uma Revisão de Literatura},
  year = {2025},
  url = {http://arxiv.org/abs/2504.00725v1}
}

@misc{gaosurvey2023,
  author = {Gao, Y. et al.},
  title = {Retrieval-Augmented Generation for Large Language Models: A Survey},
  year = {2023}
}

@misc{lewis2020,
  author = {Lewis, P. et al.},
  title = {Retrieval-Augmented Generation for Knowledge-Intensive NLP Tasks},
  booktitle = {NeurIPS 2020},
  year = {2020}
}

@misc{naveeda2024,
  author = {Naveeda, H. et al.},
  title = {A Comprehensive Overview of Large Language Models},
  year = {2024},
  url = {http://arxiv.org/abs/2307.06435v10}
}

@misc{lai2023,
  author = {Lai, J. et al.},
  title = {Large Language Models in Law: A Survey},
  year = {2023},
  url = {https://arxiv.org/abs/2312.03718}
}

@misc{salemi2024,
  author = {Salemi, A. and Zamani, H.},
  title = {Evaluating Retrieval Quality in Retrieval-Augmented Generation},
  booktitle = {SIGIR '24},
  year = {2024}
}

@misc{huggingface2024,
  author = {Hugging Face},
  title = {Transformers},
  year = {2024},
  url = {https://huggingface.co/transformers/}
}

@misc{langchain2024,
  author = {LangChain},
  title = {LangChain},
  year = {2024},
  url = {https://github.com/hwchase17/langchain}
}

@misc{faiss2024,
  author = {Facebook Research},
  title = {FAISS},
  year = {2024},
  url = {https://github.com/facebookresearch/faiss}
}

@misc{docker2024,
  author = {Docker Inc.},
  title = {Docker},
  year = {2024},
  url = {https://www.docker.com}
}

@misc{pandas2024,
  author = {Pandas Development Team},
  title = {Pandas},
  year = {2024},
  url = {https://pandas.pydata.org}
}

@misc{flask2024,
  author = {Flask Community},
  title = {Flask Documentation},
  year = {2024},
  url = {https://flask.palletsprojects.com}
}

@misc{qwak2024,
  author = {Qwak},
  title = {Utilizing LLMs with Embedding Stores},
  year = {2024},
  url = {https://www.qwak.com/post/utilizing-llms-with-embedding-stores}
}

@misc{undp2024,
  author = {United Nations Development Programme},
  title = {PNUD e CNJ assinam projeto focado em direitos humanos e acesso à Justiça},
  year = {2024},
  url = {https://www.undp.org/pt/brazil/news/pnud-e-cnj-assinam-projeto-focado-em-direitos-humanos-e-acesso-justica}
}

@misc{wikipedia2024,
  author = {Wikipedia},
  title = {Programa das Nações Unidas para o Desenvolvimento},
  year = {2024},
  url = {https://pt.wikipedia.org/wiki/Programa_das_Na%C3%A7%C3%B5es_Unidas_para_o_Desenvolvimento}
}
